@book{ross,
  title={Introduction to probability models},
  author={Ross, Sheldon M},
  year={2014},
  publisher={Academic press}
}

@misc{lay,
  title={Linear Algebra and its applications, 1997},
  author={Lay, David C},
  publisher={Addison Wesley Longman, Inc. ISBN 0-201-76717-1}
}

